<collection xmlns="http://www.loc.gov/MARC21/slim">
<record>
  <leader>02634nam0a2200397 i 450 </leader>
  <controlfield tag="001">IT\ICCU\CNCE\048979</controlfield>
  <controlfield tag="005">20060309000000.0</controlfield>
  <datafield tag="012" ind1=" " ind2=" ">
    <subfield code="a">i.um s-ur inis humi (3) 1549 (A)</subfield>
    <subfield code="2">fei</subfield>
    <subfield code="9">1</subfield>
  </datafield>
  <datafield tag="012" ind1=" " ind2=" ">
    <subfield code="a">X.l. a.li anq. esSI (3) 1549 (R)</subfield>
    <subfield code="2">fei</subfield>
    <subfield code="9">2</subfield>
  </datafield>
  <datafield tag="012" ind1=" " ind2=" ">
    <subfield code="a">rese e-s. o.um a-o- (C) 1549 (R)</subfield>
    <subfield code="2">fei</subfield>
    <subfield code="9">3</subfield>
  </datafield>
  <datafield tag="100" ind1=" " ind2=" ">
    <subfield code="a">19990930d1549        0itac0103    ba</subfield>
  </datafield>
  <datafield tag="101" ind1=" " ind2=" ">
    <subfield code="a">LAT</subfield>
  </datafield>
  <datafield tag="102" ind1=" " ind2=" ">
    <subfield code="a">IT</subfield>
  </datafield>
  <datafield tag="200" ind1="1" ind2=" ">
    <subfield code="a">℗Constantii Landi Caselarum Padi comitis, patriciique Placentini, ℗Ad titulum Pandectarum, de iustitia, et iure. Enarrationum liber. Eiusdem in l. i. et l. legis est uirtus .ff. De legibus, interpretatio. Eiusdem in l. Quod meo nomine .ff. De acquir. et amit. pos. breuissima declaratio. Eiusdem in ius ciuile, sparsim contentarum exercitationum libellus. Eiusdem Praetermissorum libellus</subfield>
  </datafield>
  <datafield tag="210" ind1=" " ind2=" ">
    <subfield code="a">Placentiae</subfield>
    <subfield code="c">apud Ioannem Mutium Cremon. et Bernardum Lochetam Papiensem</subfield>
    <subfield code="d">1549</subfield>
    <subfield code="e">Placentiae</subfield>
    <subfield code="h">1549</subfield>
  </datafield>
  <datafield tag="215" ind1=" " ind2=" ">
    <subfield code="a">3 pt.</subfield>
    <subfield code="d">fol</subfield>
  </datafield>
  <datafield tag="300" ind1=" " ind2=" ">
    <subfield code="a">2: Constantii Landi ... *In ius ciuile sparsim contentarum exercitationum libellus.3: Constantii Landi ... *Paraleipomena, id est Praetermissorum libellus ...</subfield>
  </datafield>
  <datafield tag="423" ind1=" " ind2="0">
    <subfield code="1">001IT\ICCU\CNCE\060288</subfield>
    <subfield code="1">2001 </subfield>
    <subfield code="a">In ius ciuile sparsim contentarum exercitationum libellus</subfield>
  </datafield>
  <datafield tag="423" ind1=" " ind2="0">
    <subfield code="1">001IT\ICCU\CNCE\060289</subfield>
    <subfield code="1">2001 </subfield>
    <subfield code="a">Paraleipomena, id est Praetermissorum libellus</subfield>
  </datafield>
  <datafield tag="620" ind1=" " ind2=" ">
    <subfield code="a">IT</subfield>
    <subfield code="d">Piacenza</subfield>
  </datafield>
  <datafield tag="700" ind1=" " ind2="1">
    <subfield code="a">Landi,</subfield>
    <subfield code="b">Costanzo</subfield>
    <subfield code="3">IT\ICCU\CNCA\008748</subfield>
  </datafield>
  <datafield tag="712" ind1="0" ind2="0">
    <subfield code="a">Muzio, Giovanni &amp; Locheta, Bernardino</subfield>
    <subfield code="3">IT\ICCU\CNCT\001256</subfield>
    <subfield code="4">650</subfield>
  </datafield>
  <datafield tag="790" ind1=" " ind2="1">
    <subfield code="a">Landus,</subfield>
    <subfield code="b">Lucius Cornelius Constantinus</subfield>
    <subfield code="3">IT\ICCU\CNCA\022863</subfield>
    <subfield code="z">Landi, Costanzo</subfield>
  </datafield>
  <datafield tag="790" ind1=" " ind2="1">
    <subfield code="a">Landus,</subfield>
    <subfield code="b">Constantius</subfield>
    <subfield code="3">IT\ICCU\CNCA\022864</subfield>
    <subfield code="z">Landi, Costanzo</subfield>
  </datafield>
  <datafield tag="791" ind1="0" ind2="2">
    <subfield code="a">℗In aedibus ℗Divae Margaritae</subfield>
    <subfield code="c"> &lt;1549-1553&gt;</subfield>
    <subfield code="3">IT\ICCU\CNCT\002193</subfield>
    <subfield code="z">Muzio, Giovanni &amp; Locheta, Bernardino</subfield>
  </datafield>
  <datafield tag="791" ind1="0" ind2="0">
    <subfield code="a">Mutius, Ioannes &amp; Locheta, Bernardinus</subfield>
    <subfield code="3">IT\ICCU\CNCT\002394</subfield>
    <subfield code="z">Muzio, Giovanni &amp; Locheta, Bernardino</subfield>
  </datafield>
  <datafield tag="791" ind1="0" ind2="0">
    <subfield code="a">Mutio, Ioan et Locheta, Bernardino di</subfield>
    <subfield code="3">IT\ICCU\CNCT\005256</subfield>
    <subfield code="z">Muzio, Giovanni &amp; Locheta, Bernardino</subfield>
  </datafield>
  <datafield tag="801" ind1=" " ind2="3">
    <subfield code="a">IT</subfield>
    <subfield code="b">ICCU</subfield>
    <subfield code="c">20201115</subfield>
  </datafield>
  <datafield tag="899" ind1=" " ind2=" ">
    <subfield code="a">Biblioteca Estense Universitaria. Modena</subfield>
    <subfield code="1">MO0089</subfield>
    <subfield code="2">MOD BE</subfield>
  </datafield>
  <datafield tag="899" ind1=" " ind2=" ">
    <subfield code="a">Biblioteca nazionale Vittorio Emanuele III. Napoli</subfield>
    <subfield code="1">NA0079</subfield>
    <subfield code="2">NAP BN</subfield>
  </datafield>
  <datafield tag="899" ind1=" " ind2=" ">
    <subfield code="a">Biblioteca comunale Passerini Landi. Piacenza</subfield>
    <subfield code="1">PC0030</subfield>
    <subfield code="2">PIA PL</subfield>
  </datafield>
  <datafield tag="899" ind1=" " ind2=" ">
    <subfield code="a">Biblioteca Dominicini. Perugia</subfield>
    <subfield code="z">MUTILO</subfield>
    <subfield code="1">PG0151</subfield>
    <subfield code="2">UM1 40</subfield>
  </datafield>
  <datafield tag="899" ind1=" " ind2=" ">
    <subfield code="a">Biblioteca universitaria. Pavia</subfield>
    <subfield code="1">PV0291</subfield>
    <subfield code="2">MIL UP</subfield>
  </datafield>
  <datafield tag="899" ind1=" " ind2=" ">
    <subfield code="a">Biblioteca nazionale centrale. Roma</subfield>
    <subfield code="1">RM0267</subfield>
    <subfield code="2">BVE CR</subfield>
  </datafield>
  <datafield tag="899" ind1=" " ind2=" ">
    <subfield code="a">Biblioteca del Senato della Repubblica Giovanni Spadolini. Roma</subfield>
    <subfield code="z">MUTILO</subfield>
    <subfield code="1">RM0427</subfield>
    <subfield code="2">ZRM 12</subfield>
  </datafield>
  <datafield tag="899" ind1=" " ind2=" ">
    <subfield code="a">Biblioteca di area Giuridico Politologica dell&apos;Universit ̉di Siena. Siena</subfield>
    <subfield code="1">SI0104</subfield>
    <subfield code="2">RT1 QU</subfield>
  </datafield>
</record>
</collection>
